<?xml version="1.0" encoding="UTF-8" ?>
<record Numero="13919440" format="InterXMarc_Complet" type="Authority">
<leader>00621c0 au22000272  45  <Pos Code="0004">00621</Pos>
<Pos Code="05" Sens="notice modifiée">c</Pos>
<Pos Code="06" Sens="notice validée par les services d&apos;autorité">0</Pos>
<Pos Code="08" Sens="notice d&apos;autorité">a</Pos>
<Pos Code="09" Sens="titre uniforme musical (TUM)">u</Pos>
<Pos Code="10">2</Pos>
<Pos Code="11">2</Pos>
<Pos Code="1216">00027</Pos>
<Pos Code="17" Sens="autres cas">2</Pos>
<Pos Code="20">4</Pos>
<Pos Code="21">5</Pos>
</leader>
<controlfield tag="001">FRBNF139194403<Pos Code="0001">FR</Pos>
<Pos Code="0204">BNF</Pos>
<Pos Code="0512">13919440</Pos>
<Pos Code="13">3</Pos>
</controlfield>
<controlfield tag="008">890821090109yy    sy        1924                             1   <Pos Code="0001">89</Pos>
<Pos Code="0203">08</Pos>
<Pos Code="0405">21</Pos>
<Pos Code="0607">09</Pos>
<Pos Code="0809">01</Pos>
<Pos Code="1011">09</Pos>
<Pos Code="1213" Sens="ne s&apos;applique pas">yy</Pos>
<Pos Code="1820">sy </Pos>
<Pos Code="2831">1924</Pos>
<Pos Code="61" Sens="La vedette peut être liée à une notice bibliographique sauf pour l&apos;accès matière RAMEAU">1</Pos>
</controlfield>
<datafield tag="048" ind1=" " ind2=" ">
	<subfield code="a">oa01<Pos Code="0001" Sens="orchestre - orchestre symphonique XIXe-XXe s.">oa</Pos>
<Pos Code="02">0</Pos>
<Pos Code="03">1</Pos>
</subfield>
</datafield>
<datafield tag="100" ind1=" " ind2=" ">
	<subfield code="3">13892473</subfield>
	<subfield code="w">.0..ba....</subfield>
	<subfield code="a">Šostakovič</subfield>
	<subfield code="m">Dmitrij Dmitrievič</subfield>
	<subfield code="d">1906-1975</subfield>
</datafield>
<datafield tag="144" ind1="1" ind2=" ">
	<subfield code="w">....b.....</subfield>
	<subfield code="a">Symphonies</subfield>
	<subfield code="n">No 1</subfield>
	<subfield code="p">Op. 10</subfield>
	<subfield code="t">Fa mineur</subfield>
</datafield>
<datafield tag="444" ind1="1" ind2=" ">
	<subfield code="w">....b.....</subfield>
	<subfield code="a">Symphonies</subfield>
	<subfield code="n">No 1</subfield>
	<subfield code="t">Fa mineur</subfield>
</datafield>
<datafield tag="600" ind1=" " ind2=" ">
	<subfield code="a">Date de composition : 1924-1925</subfield>
	<subfield code="a">1re exécution : Leningrad, Hall du Bolchoi Philharmonic, le 12 mai 1926, par l&apos;orchestre philharmonique de Leningrad sous la direction de N. Malko</subfield>
</datafield>
<datafield tag="610" ind1=" " ind2=" ">
	<subfield code="a">Grove 7</subfield>
</datafield>
<datafield tag="909" ind1=" " ind2=" ">
	<subfield code="a">Deux versions : 2 ou 12 mai 1926 pour la création</subfield>
</datafield>
<datafield tag="917" ind1=" " ind2=" ">
	<subfield code="o">OPC</subfield>
	<subfield code="a">100493710</subfield>
</datafield>
<datafield tag="917" ind1=" " ind2=" ">
	<subfield code="o">OPD</subfield>
	<subfield code="a">100775620</subfield>
	<subfield code="b">ATUM</subfield>
</datafield>
<Alter Ori="13892473">
<datafield tag="100" ind1=" " ind2=" ">
	<subfield code="w">.0..c.....</subfield>
	<subfield code="a">Шостакович</subfield>
	<subfield code="m">Дмитрий Дмитриевич</subfield>
	<subfield code="d">1906-1975</subfield>
</datafield>
<datafield tag="400" ind1=" " ind2=" ">
	<subfield code="w">....bx....</subfield>
	<subfield code="a">Chostakovitch</subfield>
	<subfield code="m">Dmitri Dmitrievitch</subfield>
	<subfield code="d">1906-1975</subfield>
</datafield>
<datafield tag="400" ind1=" " ind2=" ">
	<subfield code="w">....b.....</subfield>
	<subfield code="a">Chostakovitch</subfield>
	<subfield code="m">Dimitri</subfield>
	<subfield code="d">1906-1975</subfield>
</datafield>
<datafield tag="400" ind1=" " ind2=" ">
	<subfield code="w">....b.eng.</subfield>
	<subfield code="a">Shostakovich</subfield>
	<subfield code="m">Dmitri</subfield>
	<subfield code="d">1906-1975</subfield>
</datafield>
<datafield tag="400" ind1=" " ind2=" ">
	<subfield code="w">....b.ger.</subfield>
	<subfield code="a">Schostakowitsch</subfield>
	<subfield code="m">Dmitri</subfield>
	<subfield code="d">1906-1975</subfield>
</datafield>
<datafield tag="400" ind1=" " ind2=" ">
	<subfield code="w">....b.eng.</subfield>
	<subfield code="a">Shostakovich</subfield>
	<subfield code="m">Dmitry Dmitriyevich</subfield>
	<subfield code="d">1906-1975</subfield>
</datafield>
</Alter>
<Attr Nom="IDPerenne">ark:/12148/cb13919440v</Attr>
<Attr Nom="NumSource">OPC 100493710</Attr>
<Attr Nom="Source" Sens="BnF catalogue général (depuis 1999)">A</Attr>
<Attr Nom="NumAutoriteLiee">13892473</Attr>
<Attr Nom="DateCreation">21/08/ 1989</Attr>
<Attr Nom="ResponsableCreation">MIGV2</Attr>
<Attr Nom="StructCreation">1</Attr>
<Attr Nom="DateDerniereValidation">08/11/ 2010</Attr>
<Attr Nom="ResponsableDerniereValidation">MIGV4</Attr>
<Attr Nom="StructPremiereValidation">1</Attr>
<Attr Nom="DatePremiereValidation">21/08/ 1989</Attr>
<Attr Nom="ResponsablePremiereValidation">MIGV2</Attr>
<Attr Nom="StructDerniereValidation">1</Attr>
<Attr Nom="NumSource" Rep="1">OPD 100775620</Attr>
</record>
